% Encoding: UTF-8

@online{SECform13F2024,
  author       = {U.S. Securities and Exchange Commission},
  title        = {Frequently Asked Questions About Form 13F},
  url = {https://www.sec.gov/divisions/investment/13ffaq},
  year         = {2023},
  urldate = {2024-08-22}
}

@online{IBM2024,
  author = {IBM},
  title = {What is text-mining},
  url = {https://www.ibm.com/topics/text-mining},
  urldate = {2024-08-22},
  year = {2024}

}
@online{AWS2024,
  author = {AWS},
  title = {What is the difference between structured and unstructured data?},
  url = {https://aws.amazon.com/compare/the-difference-between-structured-data-and-unstructured-data/},
  year = {2024},
  urldate = {2024-08-22}
}

@online{SC2024,
  author = {SaturnCLoud},
  title = {Stemming in Natural Language Processing},
  url = {https://saturncloud.io/glossary/stemming/},
  year = {2024},
  urldate = {2024-08-22}

}

@online{Kinter2024,
  author = {Patrick Kinter},
  title = {Text mining: applications and techniques},
  url = {https://www.alexanderthamm.com/en/blog/text-mining-basics-methods-and-application-cases/},
  year = {2024},
  urldate = {2024-08-22},
  date = {2024-02-12}

}


@article{gaikwad2014text,
  title={Text mining methods and techniques},
  author={Gaikwad, Sonali Vijay and Chaugule, Archana and Patil, Pramod},
  journal={International Journal of Computer Applications},
  doi={10.5120/14937-3507},
  volume={85},
  number={17},
  pages = { 42-45 },
  year={2014},
  publisher={Foundation of Computer Science},
  url = { https://ijcaonline.org/archives/volume85/number17/14937-3507/ },
}

@article{Gupta2020,
  author    = {Aaryan Gupta and Vinya Dengre and Hamza Abubakar Kheruwala and Manan Shah},
  title     = {Comprehensive review of text-mining applications in finance},
  journal   = {Financial Innovations},
  volume    = {6},
  number    = {1},
  pages     = {39},
  year      = {2020},
  doi       = {10.1186/s40854-020-00205-1},
  url = {https://www.researchgate.net/publication/345153728_Comprehensive_review_of_text-mining_applications_in_finance}

}

@article{Talib2016TextMining,
  title = {Text Mining: Techniques, Applications and Issues},
  author = {Ramzan Talib and Muhammad Kashif Hanif and Shaeela Ayesha and Fakeeha Fatima},
  journal = {International Journal of Advanced Computer Science and Applications},
  volume = {7},
  number = {11},
  pages={},
  year = {2016},
  doi = {https://doi.org/10.14569/IJACSA.2016.071153},
  url = {https://www.researchgate.net/publication/311394659_Text_Mining_Techniques_Applications_and_Issues/}
}

@article{Krallinger2024, 
author = {Krallinger, Martin and Rabal, Obdulia and Lourenço, Anália and Oyarzabal, Julen and Valencia, Alfonso},
title = {Information Retrieval and Text Mining Technologies for Chemistry},
journal = {Chemical Reviews},
volume = {117},
number = {12},
pages = {7673-7761},
year = {2017},
doi = {10.1021/acs.chemrev.6b00851},
URL = { https://pubs.acs.org/doi/abs/10.1021/acs.chemrev.6b00851},
}

@online{Javija2024,
  author       = {Rushi Javija},
  title        = {Difference between Information Retrieval and Information Extraction},
  year         = {2024},
  urldate = {2024-08-22},
  date={2024-07-16},
  url = {https://www.geeksforgeeks.org/difference-between-information-retrieval-and-information-extraction/}

}

@article{CAI201870,
title = {Feature selection in machine learning: A new perspective},
journal = {Neurocomputing},
volume = {300},
pages = {70-79},
year = {2018},
number = {3},
doi = {https://doi.org/10.1016/j.neucom.2017.11.077},
url = {https://www.sciencedirect.com/science/article/pii/S0925231218302911},
author = {Jie Cai and Jiawei Luo and Shulin Wang and Sheng Yang},
}

@article{Mustazzihim,
  author = {Mustazzihim, Suhaidi en Rabiah Abdul Kadir enSabrina Tiun},
  year = {2021},
  title={A REVIEW OF FEATURE EXTRACTION METHODS ON MACHINE LEARNING}, 
  volume={6}, 
  url={https://gaexcellence.com/index.php/jistm/article/view/1125}, 
  number={22}, 
  journal={JOURNAL INFORMATION AND TECHNOLOGY MANAGEMENT JISTM}, 
  doi={},
  author={Mustazzihim Suhaidi and Rabiah Abdul Kadir and Sabrina Tiun}, 
  year={2021}, 
  pages={51–59} 
}

@Online{vajjala2022reallyknowstateart,
  author = {Sowmya Vajjala and Ramya Balasubramaniam},
  title  = {What do we Really Know about State of the Art NER?},
  doi    = {https://doi.org/10.48550/arXiv.2205.00034},
  url    = {https://arxiv.org/abs/2205.00034},
  year   = {2022},
}

@article{Martinez2024,
  author = {Angel R. Martinez},
  title  = {Part-of-speech tagging},
  doi    = {https://doi.org/10.1002/wics.195},
  year   = {2012},
  month = {01},
  pages = {},
  volume = {4},
  journal = {Wiley Interdisciplinary Reviews: Computational Statistics},
  url = {https://www.researchgate.net/publication/264691053_Part-of-speech_tagging}

}

@manual{spacyff,
  author       = {Spacy},
  title        = {Facts \& Figures},
  year         = {2024},
  url={https://spacy.io/usage/facts-figures}, 
  urldate = {2024-08-22}


}

@article{amade2024automatic,
  title={Automatic Text Summarization Using NLTK \& Spacy},
  author={Amade, Divya and Chandra, Rashmi and Sinha, Vivek Kumar and Anand, Divya},
  url={https://papers.ssrn.com/sol3/papers.cfm?abstract_id=4742012},
  doi={10.2139/ssrn.4742012},
  month={01},
  pages={},
  journal={SSRN Electronic Journal},
  year={2024}

}

@article{khan2023performance,
  title={SQL and NoSQL Database Software Architecture Performance Analysis and Assessments—A Systematic Literature Review},
  author={Khan, Wisal and Kumar, Teerath and Zhang, Cheng and Raj, Kislay and Roy, Arunabha M. and Luo, Bin},
  journal={Big Data Cogn. Comput.},
  volume={7},
  number={2},
  pages={97},
  year={2023},
  doi={10.3390/bdcc7020097},
  url={https://www.mdpi.com/2504-2289/7/2/97}
}

@Comment{jabref-meta: databaseType:biblatex;}
@online{Islam2024,
  author = {Islam Ray},
  title = {Validation of Large Language Models (LLMs)},
  url = {https://rayislam.medium.com/validation-of-large-language-models-llms-d934e1373d78},
  data={2024-03-11},
  year = {2024},
  urldate={2024-08-22}

}

@online{ResearchGRaph2024,
  author = {Research Graph},
  title = {Llama 3.1 405B vs GPT-4o: Which model is better?},
  url = {https://medium.com/@researchgraph/llama-3-1-405b-vs-gpt-4o-which-model-is-better-659662234b3e},
  year = {2024},
  urldate={2024-08-22},
  date = {2024-08-09}
}

@article{ACHIMUGU2014,
title = {A systematic literature review of software requirements prioritization research},
journal = {Information and Software Technology},
volume = {56},
number = {6},
pages = {568-585},
year = {2014},
doi = {https://doi.org/10.1016/j.infsof.2014.02.001},
url = {https://www.sciencedirect.com/science/article/pii/S0950584914000354},
author = {Philip Achimugu and Ali Selamat and Roliana Ibrahim and Mohd Naz’ri Mahrin},
}
@online{CFI2024,
  title={SEC Filings},
  url={https://corporatefinanceinstitute.com/resources/valuation/sec-filings/},
  journal={Corporate Finance Institute},
  author={CFI},
  urldate={2024-08-21},
  date={2024}
}
@online{SECfiling2024,
 url={https://en.wikipedia.org/wiki/SEC_filing},
 title={SEC filing},
 journal={Wikipedia},
 date={2024-07-10},
 urldate={2024-08-22},
 author={Ganesh, V}}
@online{Fisher,
 title={A Comprehensive Guide on SEC Filing and Reporting},
 url={https://www.highradius.com/resources/Blog/comprehensive-guide-sec-filing-reporting/},
 journal={HighRadius Resource Center},
 author={Rachelle, Fisher},
 date={2024-04-23},
 urldate={2024-08-22},

 }

@online{Baker2022,
 title={6 important SEC filings every stock investor should know about},
 url={https://www.bankrate.com/investing/sec-filings-stock-investors-should-know/},
 journal={Bankrate},
 author={Baker, Brian},
 date = {2022-08-23},
  urldate={2024-08-22},

}

@online{Kaur2024, 
title={ACID Properties in DBMS}, 
url={https://www.geeksforgeeks.org/acid-properties-in-dbms/}, 
author={Kaur, Avneet}, 
urldate={2024-08-22},
date={2024-07-25}
}

@online{Scispace, 
title={How much data is needed for fine-tuning a llm?}, 
url={https://typeset.io/questions/how-much-data-is-needed-for-fine-tuning-a-llm-8liu5om85s}, 
journal={SciSpace}, 
urldate={2024-08-22},
date={2024},
author={Scispace} 
}

@online{Huang2024,
 title={Evaluating Large Language Model (LLM) systems: Metrics, challenges, and best practices},
 url={https://medium.com/data-science-at-microsoft/evaluating-llm-systems-metrics-challenges-and-best-practices-664ac25be7e5},
 journal={Medium},
 author={Huang, Jane},
 urldate={2024-03-05},
 date={2024-08-22},
 }

 @online{Hayes_2024,
 title={What Is a CUSIP Number, and How Do I Find a Stock or Bond CUSIP?},
 url={https://www.investopedia.com/terms/c/cusipnumber.asp},
 journal={Investopedia},
 urldate={2024-08-22},
date={2024-04-27},

 author={Hayes, Adam},
 }

@article{Saadani_2024,
 title={Exploring NLP Techniques: Tokenization, POS Tagging, and NER},
 url={https://medium.com/ubiai-nlp/exploring-nlp-techniques-tokenization-pos-tagging-and-ner-bc9ead3f0843.},
 journal={Medium},
 author={Saadani, Takoua},
 urldate={2024-08-22},
date={2024-01-12},

 year={2024},
}

@article{B_2022, title={What are regular expressions, and why should you use them?}, url={https://medium.com/@nagarjoon.b/what-are-regular-expressions-and-why-should-you-use-them-26140fe52bbe}, journal={Medium}, author={Nagarjoon, B}, urldate={2024-08-22}, date={2022-08-14}, }

@misc{unsloth2024,
  author       = {Unsloth},
  url       = {https://unsloth.ai/},
  title        = {unsloth homepage},
  year         = {2024},
  urldate={2024-08-22},

}

@online{meta,
  author       = {Meta},
  date         = {2024-07-23},
   urldate={2024-08-22},

  title        = {Introducing Llama 3.1: Our most capable models to date},
  url          = {https://ai.meta.com/blog/meta-llama-3-1/},
}

@online{openai_gpt4,
  author       = {Openai},
  urldate         = {2024-08-22},
  title        = {GPT-4 is OpenAI’s most advanced system, producing safer and more useful responses},
  url          = {https://openai.com/index/gpt-4/},
  date         = {2024}
}