% Encoding: UTF-8

@Article{SabiEtAl2016,
  author       = {Sabi, Humphrey M. and Uzoka, Faith-Michael E. and Langmia, Kehbuma and Njeh, Felix M.},
  title        = {Conceptualizing a model for adoption of cloud computing in education},
  journaltitle = {International Journal of Information Management},
  year         = {2016},
  volume       = {36},
  number       = {2},
  pages        = {183--191},
  doi          = {10.1016/j.ijinfomgt.2015.11.010},
  url          = {http://www.sciencedirect.com/science/article/pii/S0268401215001115},
}

@Online{LewisFowler2014,
  author    = {Lewis, James and Fowler, Martin},
  title     = {Microservices: a definition of this new architectural term},
  date      = {2014-03-25},
  url       = {http://martinfowler.com/articles/microservices.html},
  urldate   = {2016-09-01},
}

@Online{Hykes2013,
  author    = {Solomon Hykes},
  title     = {The future of Linux Containers (PyCon 2013)},
  date      = {2013-03-21},
  url       = {https://www.youtube.com/watch?v=wW9CAH9nSLs},
  urldate   = {2016-09-01},
}

@Comment{jabref-meta: databaseType:biblatex;}
@online{SECform13F2024,
  author       = {U.S. Securities and Exchange Commission},
  title        = {Frequently Asked Questions About Form 13F},
  url = {https://www.sec.gov/divisions/investment/13ffaq},
  year         = {2023},
  urldate = {2024-08-22}
}

@online{Kinter2024,
  author = {Patrick Kinter},
  title = {Text mining: applications and techniques},
  url = {https://www.alexanderthamm.com/en/blog/text-mining-basics-methods-and-application-cases/},
  year = {2024},
  urldate = {2024-08-22},
  date = {2024-02-12}

}

@online{IBM2024,
  author = {IBM},
  title = {What is text-mining},
  url = {https://www.ibm.com/topics/text-mining},
  urldate = {2024-08-22},
  year = {2024}

}
@online{AWS2024,
  author = {AWS},
  title = {What is the difference between structured and unstructured data?},
  url = {https://aws.amazon.com/compare/the-difference-between-structured-data-and-unstructured-data/},
  year = {2024},
  urldate = {2024-08-22}
}



@article{gaikwad2014text,
  title={Text mining methods and techniques},
  author={Gaikwad, Sonali Vijay and Chaugule, Archana and Patil, Pramod},
  journal={International Journal of Computer Applications},
  doi={10.5120/14937-3507},
  volume={85},
  number={17},
  pages = { 42-45 },
  year={2014},
  publisher={Foundation of Computer Science},
  url = { https://ijcaonline.org/archives/volume85/number17/14937-3507/ },
}

